@article{sengupta2014,
    author = {Jayanta Sengupta},
    title = {PRICING ASIAN OPTIONS IN FINANCIAL MARKETS USING
MELLIN TRANSFORMS},
    journal = {Electronic Journal of Differential Equations},
    volume = {2014},
    number = {234},
    year = {2014},
    pages = {1-9},
    url = {https://ejde.math.txstate.edu/Volumes/2014/234/sengupta.pdf}
}
@book{shreve2004stochastic,
  title     = {Stochastic Calculus for Finance II: Continuous-Time Models},
  author    = {Steven E. Shreve},
  year      = {2004},
  publisher = {Springer},
  address   = {New York, NY; Heidelberg},
  isbn      = {0387401016, 9780387401010},
  refid     = {314367468},
  url       = {http://www.worldcat.org/search?qt=worldcat_org_all&q=0387401016}
}

@article{laplacePDE,
  title = {Solving an Asian option PDE via the Laplace transform},
  author = {Zieneb Ali Elshegmani and Rokiah Rozita Ahmad},
  journal = {ScienceAsia},
  volume = {39S},
  pages = {67--69},
  year = {2013},
  doi = {10.2306/scienceasia1513-1874.2013.39S.067},
  url = {https://www.scienceasia.org/2013.39S.n1/scias39S_67.pdf}
}

@article{rogers1995asian,
  author    = {L. Rogers and Z. Shi},
  title     = {The value of an Asian option},
  journal   = {Journal of Applied Probability},
  volume    = {32},
  pages     = {1077--1088},
  year      = {1995}
}

@article{nummethods,
  author    = {Akos Horvath and Peter Medvegyev},
  title     = {Pricing Asian Options: A Comparison of Numerical and Simulation Approaches Twenty Years Later},
  journal   = {Journal of Mathematical Finance},
  volume    = {6},
  pages     = {810-841},
  year      = {2016},
  doi = {10.4236/jmf.2016.65056},
}

@article{geman,
  author    = {Geman, H. and Yor, M.},
  title     = {Asian Options, Bessel Processes and Perpetuities},
  journal   = {Mathematical Finance},
  volume    = {3},
  pages     = {349-375},
  year      = {2013},
  doi = {http://dx.doi.org/10.21314/JCF.1998.024},
}

@article{carr,
  title = {Bessel Processes, the Integral of Geometric Brownian Motion, and Asian Options},
  author = {Carr, P. and Schr√∂der, M.},
  journal = {Theory of Probability \& Its Applications},
  volume = {48},
  number = {3},
  pages = {400--425},
  year = {2004},
  doi = {10.1137/S0040585X97980543},
  url = {http://dx.doi.org/10.1137/S0040585X97980543}
}

@techreport{dufresne,
  title = {Bessel Processes and a Functional of Brownian Motion},
  author = {Dufresne, Daniel},
  institution = {Center for Actuarial Studies, Department of Economics, University of Melbourne},
  year = {2004},
  address = {Parkville, Australia},
  url = {http://hdl.handle.net/11343/34342}
}

@article{li2016pricing,
  title={Pricing and hedging of arithmetic Asian options via the Edgeworth series expansion approach},
  author={Li, Weiping and Chen, Su},
  journal={The Journal of Finance and Data Science},
  volume={2},
  pages={1-25},
  year={2016},
  publisher={ScienceDirect},
  note={Received 15 January 2016; accepted 20 January 2016; available online 6 June 2016},
}

@article{kemna,
  title={A Pricing Method for Options Based on Average Asset Values},
  author={Kemna, A.G.Z. and Vorst, A.C.F.},
  journal={Journal of Banking \& Finance},
  volume={14},
  pages={113-129},
  year={1990},
  doi = {http://dx.doi.org/10.1002/9783527626212},
}

@book{mclachlan1953complex,
  author       = {McLachlan, N. W.},
  title        = {Complex Variable Theory and Transform Calculus},
  year         = {1953},
  publisher    = {Cambridge University Press},
  address      = {Cambridge, UK}
}

